<?xml version="1.0" encoding="UTF-8"?><collection xmlns="http://www.loc.gov/MARC21/slim"><record><leader>00639nam--2200205-i-4500</leader><controlfield tag="001">000024479</controlfield><controlfield tag="002">20161230</controlfield><controlfield tag="005">20170206113310</controlfield><controlfield tag="008">060222s1000------------r-----000-0-eng-d</controlfield><datafield ind1=" " ind2=" " tag="040"><subfield code="a">IFIN-HH</subfield></datafield><datafield ind1=" " ind2=" " tag="080"><subfield code="a">530.145</subfield></datafield><datafield ind1="1" ind2=" " tag="100"><subfield code="a">Jauch, J.M</subfield></datafield><datafield ind1="1" ind2="0" tag="245"><subfield code="a">The Theory of Photons and Electrons. The Relativistic Quantum Field Theory of Charged Particles with Spin One-half</subfield><subfield code="c">J.M. Jauch, F. Rohrlich</subfield></datafield><datafield ind1=" " ind2=" " tag="250"><subfield code="a">Second Expanded Edition</subfield></datafield><datafield ind1=" " ind2=" " tag="260"><subfield code="a">New York</subfield><subfield code="b">Springer-Verlag</subfield><subfield code="c">1976</subfield></datafield><datafield ind1=" " ind2=" " tag="300"><subfield code="a">Xix + 553p</subfield></datafield><datafield ind1=" " ind2=" " tag="490"><subfield code="a">Texts and Monographs in Physics</subfield></datafield><datafield ind1="1" ind2=" " tag="700"><subfield code="a">Rohrlich F</subfield></datafield><datafield ind1=" " ind2=" " tag="852"><subfield code="a">77652</subfield><subfield code="c">530.145</subfield></datafield><datafield ind1=" " ind2=" " tag="CAT"><subfield code="a">SYS</subfield><subfield code="c">20170206</subfield><subfield code="h">113310</subfield></datafield></record></collection>